@inproceedings{ferdjoukh13,
author={Ferdjoukh, Adel and Baert, Anne-Elisabeth and Chateau, Annie and Coletta, R{\'e}mi and Nebut, Cl{\'e}mentine},
title={{A CSP Approach for Metamodel Instantiation}},
booktitle={ICTAI, IEEE International Conference on Tools with Artificial Intelligence},
year={2013},
pages={1044-1051},
doi={10.1109/ICTAI.2013.156},
pdf={/wp-content/uploads/pdf/ferdjoukh13.pdf}
}

@inproceedings{ferdjoukh15,
author={Ferdjoukh, Adel and Baert, Anne-Elisabeth and Bourreau, Eric and Chateau, Annie and Coletta, R{\'e}mi and Nebut, Cl{\'e}mentine},
title={{I}nstantiation of {M}eta-models {C}onstrained with {OCL}: a {CSP} {A}pproach},
booktitle={{MODELSWARD}, {I}nternational {C}onference on {M}odel-{D}riven {E}ngineering and {S}oftware {D}evelopment},
year={2015},
pages={213-222},
doi={10.5220/0005231402130222},
pdf={/wp-content/uploads/pdf/ferdjoukh15.pdf}
}

@inproceedings{ferdjoukh16,
author={Ferdjoukh, Adel and Bourreau, Eric and Chateau, Annie and Nebut, Cl{\'e}mentine},
title={{A Model-Driven Approach to Generate Relevant and Realistic Datasets}},
booktitle={{SEKE, International Conference on Software Engineering \& Knowledge Engineering}},
year={2016},
pages={105-109},
doi={10.18293/SEKE2016-029},
pdf={/wp-content/uploads/pdf/ferdjoukh16.pdf}
}

@phdthesis{ferdjoukhThesis,
  author    = {Adel Ferdjoukh},
  title     = {Une approche d{\'{e}}clarative pour la g{\'{e}}n{\'{e}}ration
               de mod{\`{e}}les. {(A} Declarative Approach for Model Generation)},
  school    = {University of Montpellier, France},
  year      = {2016},
  pdf= {/wp-content/uploads/pdf/ferdjoukhthesis.pdf}
}

@inproceedings{galinier16,
author={Galinier, Florian and Bourreau, Eric and Chateau, Annie and Ferdjoukh, Adel and Nebut, Cl{\'e}mentine},
title={{Genetic Algorithm to Improve Diversity in MDE}},
booktitle={{META, International Conference on Metaheuristics and Nature Inspired Computing}},
year={2016},
pages={170-173},
pdf={/wp-content/uploads/pdf/galinier16.pdf}
}

@inproceedings{ferdjoukh17,
author={Ferdjoukh, Adel and Galinier, Florian and Bourreau, Eric and Chateau, Annie and Nebut, Cl{\'e}mentine},
title={{Measuring Differences To Compare Sets Of Models And Improve Diversity In MDE}},
booktitle={{ICSEA, International Conference on Software Engineering Advances}},
year={2017},
note={Best paper award.},
isbn={978-1-61208-590-6},
pdf={/wp-content/uploads/pdf/ferdjoukh17.pdf}
}

@article{ferdjoukh18a,
author={Ferdjoukh, Adel and Galinier, Florian and Bourreau, Eric and Chateau, Annie and Nebut, Cl{\'e}mentine},
title={Measurement and Generation of Diversity and Meaningfulness in Model Driven Engineering},
journal={IJAS, International Journal On Advances in Software},
volume={11},
number={1-2},
year={2018},
pages={131-146},
issn={1942-2628},
pdf={/wp-content/uploads/pdf/ferdjoukh18a.pdf}
}

@inproceedings{ferdjoukh18b,
author={Ferdjoukh, Adel},
booktitle={CIEL, Conférence en IngénieriE du Logiciel},
title={COMODI: A Tool for Model Comparison and Diversity Analysis},
year={2018},
pdf={/wp-content/uploads/pdf/ferdjoukh18b.pdf}
}

@inproceedings{ferdjoukh18c,
author={Ferdjoukh, Adel and Mottu, Jean-Marie},
booktitle={MDEbug@MODELS, International Workshop on Debugging in Model-Driven Engineering},
title={Towards an Automated Fault Localizer while Designing Meta-models},
year={2018},
note={To appear},
pdf={/wp-content/uploads/pdf/ferdjoukh18c.pdf}
}