%%%%%%%%%%%%%%%%%%%%%%%%%%%%%%%%%%%%%%%%%%%%%%%%%%%%%%%%%
%                                                       %
%    Papiers                                            %    
%                                                       %
%%%%%%%%%%%%%%%%%%%%%%%%%%%%%%%%%%%%%%%%%%%%%%%%%%%%%%%%%

@inproceedings{ferdjoukh13,
author={Ferdjoukh, Adel and Baert, Anne-Elisabeth and Chateau, Annie and Coletta, R{\'e}mi and Nebut, Cl{\'e}mentine},
title={{A CSP Approach for Metamodel Instantiation}},
booktitle={ICTAI, IEEE International Conference on Tools with Artificial Intelligence},
year={2013},
pages={1044-1051},
note={Rang B. Taux d’acceptation $= 27\%$. 12 citations.},
}

@inproceedings{ferdjoukh15,
author={Ferdjoukh, Adel and Baert, Anne-Elisabeth and Bourreau, Eric and Chateau, Annie and Coletta, R{\'e}mi and Nebut, Cl{\'e}mentine},
title={{I}nstantiation of {M}eta-models {C}onstrained with {OCL}: a {CSP} {A}pproach},
booktitle={{MODELSWARD}, {I}nternational {C}onference on {M}odel-{D}riven {E}ngineering and {S}oftware {D}evelopment},
year={2015},
pages={213-222},
note={Taux d’acceptation $= 45\%$. 7 citations.},
}

@inproceedings{ferdjoukh16,
author={Ferdjoukh, Adel and Bourreau, Eric and Chateau, Annie and Nebut, Cl{\'e}mentine},
title={{A Model-Driven Approach to Generate Relevant and Realistic Datasets}},
booktitle={{SEKE, International Conference on Software Engineering \& Knowledge Engineering}},
year={2016},
pages={105-109},
note={Rang B. Taux d’acceptation $= 37\%$},
}

@article{galinier16,
author={Galinier Florian and Bourreau, Eric and Chateau, Annie and Ferdjoukh, Adel and Nebut, Cl{\'e}mentine},
title={{Genetic Algorithm to Improve Diversity in MDE}},
journal={{META, International Conference on Metaheuristics and Nature Inspired Computing}},
year={2016},
pages={170-173},
note={Rang C},
}

@inproceedings{ferdjoukh17,
author={Ferdjoukh, Adel and Galinier, Florian and Bourreau, Eric and Chateau, Annie and Nebut, Cl{\'e}mentine},
title={{Measuring Differences To Compare Sets Of Models And Improve Diversity In MDE}},
booktitle={{ICSEA, International Conference on Software Engineering Advances}},
year={2017},
note={Taux d’acceptation $= 35\%$. Best paper award.},
}

%%%%%%%%%%%%%%%%%%%%%%%%%%%%%%%%%%%%%%%%%%%%%%%%%%%%%%%%%
%                                                       %
%    Posters                                            %    
%                                                       %
%%%%%%%%%%%%%%%%%%%%%%%%%%%%%%%%%%%%%%%%%%%%%%%%%%%%%%%%%

@misc{posterGdrGpl,
  author={Ferdjoukh, Adel},
  title={{grimm: un assistant à la conception de méta-modèles par génération d'instances}},
  howpublished={{Poster, GDR GPL, Bordeaux}},
  year={{2015}},
}

@misc{posterDoctiss,
  author={Ferdjoukh, Adel},
  title={{grimm: un outil de génération de modèles}},
  howpublished={{Poster, Doctiss, Journées des doctorants en sciences, Montpellier}},
  year={{2015}},
}

%%%%%%%%%%%%%%%%%%%%%%%%%%%%%%%%%%%%%%%%%%%%%%%%%%%%%%%%%
%                                                       %
%    Talks World                                        %    
%                                                       %
%%%%%%%%%%%%%%%%%%%%%%%%%%%%%%%%%%%%%%%%%%%%%%%%%%%%%%%%%

@misc{slidesAthens,
  author={Ferdjoukh, Adel},
  title={{Measuring Differences To Compare Sets Of Models And Improve Diversity In MDE}},
  howpublished={{Talk, ICSEA conference, Athens, Greece}},
  year={{2017}},
}

@misc{slidesOslo,
  author={Ferdjoukh, Adel},
  title={{Generation of meaningful models and data}},
  howpublished={{Talk, SIMULA labs., Oslo, Norway}},
  year={{2017}},
}

@misc{slidesSeke,
  author={Ferdjoukh, Adel},
  title={{Generation of “probably” more likelihood models and data}},
  howpublished={{Talk, SEKE conference, San Francisco, USA}},
  year={{2016}},
}

@misc{slidesModelsward,
  author={Ferdjoukh, Adel},
  title={{Instantiation of Meta-models constrained with OCL: A CSP Approach}},
  howpublished={{Talk, MODELSWARD international conference, Angers, France}},
  year={{2015}},
}

@misc{slidesIctai,
  author={Ferdjoukh, Adel},
  title={{A CSP approach for metamodel instantiation}},
  howpublished={{Talk, ICTAI international conference, Washington D.C., USA}},
  year={{2013}},
}

%%%%%%%%%%%%%%%%%%%%%%%%%%%%%%%%%%%%%%%%%%%%%%%%%%%%%%%%%
%                                                       %
%    Soutenance                                         %    
%                                                       %
%%%%%%%%%%%%%%%%%%%%%%%%%%%%%%%%%%%%%%%%%%%%%%%%%%%%%%%%%

@misc{slidesPhd,
  author={Ferdjoukh, Adel},
  title={{Une approche déclarative pour la génération de modèles}},
  howpublished={{Soutenance de thèse, Montpellier}},
  year={{2016}},
}

@misc{slidesm2,
  author={Ferdjoukh, Adel},
  title={{Génération de modèles à partir de méta-modèles}},
  howpublished={{Talk, Soutenance Master 2, Montpellier}},
  year={{2013}},
}

%%%%%%%%%%%%%%%%%%%%%%%%%%%%%%%%%%%%%%%%%%%%%%%%%%%%%%%%%
%                                                       %
%    Talks FR                                           %    
%                                                       %
%%%%%%%%%%%%%%%%%%%%%%%%%%%%%%%%%%%%%%%%%%%%%%%%%%%%%%%%%

@misc{slidesGle,
  author={Ferdjoukh, Adel},
  title={{Génération de modèles ``probablement'' plus pertinent}},
  howpublished={{Talk, journée du GL empirique, Paris}},
  year={{2016}},
}

@misc{slidesGdrGpl,
  author={Ferdjoukh, Adel},
  title={{Génération de modèles, approche basée sur la Programmation par Contraintes}},
  howpublished={{Talk, GDR GPL, Bordeaux}},
  year={{2015}},
}

%%%%%%%%%%%%%%%%%%%%%%%%%%%%%%%%%%%%%%%%%%%%%%%%%%%%%%%%%
%                                                       %
%    Talks divers                                       %    
%                                                       %
%%%%%%%%%%%%%%%%%%%%%%%%%%%%%%%%%%%%%%%%%%%%%%%%%%%%%%%%%

@misc{slidesAtlanmod,
  author={Ferdjoukh, Adel},
  title={{A declarative approch for model generation}},
  howpublished={{Talk, Atlanmod team, Nantes}},
  year={{2016}},
}


@misc{slidesmarel,
  author={Ferdjoukh, Adel},
  title={{Génération de données réalistes par simulation de lois de probabilités}},
  howpublished={{Talk, Séminaire d'équipe, Montpellier}},
  year={{2015}},
}


@misc{slidessemindoc,
  author={Ferdjoukh, Adel},
  title={{L'ingénierie Dirigée par les Modèles: Codera-t-on toujours demain ?}},
  howpublished={{Talk, séminaire des doctorants, Montpellier}},
  year={{2015}},
}



@misc{slidespignan,
  author={Ferdjoukh, Adel},
  title={{Génération de modèles, approche basée sur la Programmation par Contraintes}},
  howpublished={{Talk, journée d'équipe, Pignan}},
  year={{2014}},
}